<record><leader>00000cas a2200000 a 4500</leader><controlfield tag="001">29859390</controlfield><controlfield tag="008">940222d19731974iluwr ne      0   a0eng c</controlfield><datafield ind1=" " ind2=" " tag="010"><subfield code="a">sn 94054638 </subfield></datafield><datafield ind1=" " ind2=" " tag="040"><subfield code="a">NVF</subfield><subfield code="b">eng</subfield><subfield code="c">NVF</subfield><subfield code="d">OCLCQ</subfield><subfield code="d">OCLCF</subfield><subfield code="d">NVF</subfield><subfield code="d">OCLCO</subfield></datafield><datafield ind1="1" ind2=" " tag="029"><subfield code="a">AU@</subfield><subfield code="b">000025885433</subfield></datafield><datafield ind1=" " ind2=" " tag="042"><subfield code="a">pcc</subfield></datafield><datafield ind1=" " ind2=" " tag="043"><subfield code="a">n-us-il</subfield></datafield><datafield ind1="0" ind2=" " tag="130"><subfield code="a">Lincolnshire life (Highland Park, Ill.)</subfield></datafield><datafield ind1="0" ind2="0" tag="245"><subfield code="a">Lincolnshire life.</subfield></datafield><datafield ind1=" " ind2=" " tag="260"><subfield code="a">Highland Park, Ill. :</subfield><subfield code="b">Louis A. Lerner,</subfield><subfield code="c">1973-1974.</subfield></datafield><datafield ind1=" " ind2=" " tag="300"><subfield code="a">v.</subfield></datafield><datafield ind1=" " ind2=" " tag="310"><subfield code="a">Weekly</subfield></datafield><datafield ind1="0" ind2=" " tag="362"><subfield code="a">Vol. 1, no. 1 (Nov. 29, 1973)-v. 1, no. 22 (May 2, 1974).</subfield></datafield><datafield ind1=" " ind2=" " tag="580"><subfield code="a">Merged with: Lake County life, to form: Lincolnshire Lake County life.</subfield></datafield><datafield ind1=" " ind2="0" tag="651"><subfield code="a">Lincolnshire (Ill.)</subfield><subfield code="v">Newspapers.</subfield></datafield><datafield ind1=" " ind2="7" tag="651"><subfield code="a">Illinois</subfield><subfield code="z">Lincolnshire.</subfield><subfield code="2">fast</subfield><subfield code="0">(OCoLC)fst01207193</subfield></datafield><datafield ind1=" " ind2="7" tag="655"><subfield code="a">Newspapers.</subfield><subfield code="2">fast</subfield><subfield code="0">(OCoLC)fst01423814</subfield></datafield><datafield ind1=" " ind2=" " tag="752"><subfield code="a">United States</subfield><subfield code="b">Illinois</subfield><subfield code="c">Lake</subfield><subfield code="d">Highland Park.</subfield></datafield><datafield ind1="1" ind2="7" tag="785"><subfield code="t">Lake County life</subfield><subfield code="w">(DLC)sn 94054639</subfield><subfield code="w">(OCoLC)29859370</subfield></datafield><datafield ind1="1" ind2="7" tag="785"><subfield code="t">Lincolnshire Lake County life</subfield><subfield code="w">(DLC)sn 94054636</subfield><subfield code="w">(OCoLC)29859483</subfield></datafield></record>